@article{beck2009fast,
  title={A fast iterative shrinkage-thresholding algorithm for linear inverse problems},
  author={Beck, Amir and Teboulle, Marc},
  journal={SIAM Journal on Imaging Sciences},
  volume={2},
  number={1},
  pages={183--202},
  year={2009},
  publisher={SIAM}
}
@inproceedings{soni2012learning,
  title={Learning sparse representations for adaptive compressive sensing},
  author={Soni, Akshay and Haupt, Jarvis},
  booktitle={Acoustics, Speech and Signal Processing (ICASSP), 2012 IEEE International Conference on},
  pages={2097--2100},
  year={2012},
  organization={IEEE}
}

@inproceedings{Nowak,
  title={Faster rates in regression via active learning},
  author={R. Willett and R Nowak and R. M. Castro},
  booktitle={Advances in Neural Information Processing Systems},
  pages={179--186},
  year={2005}
}

%  note = {Accessed: 2010-09-30}

@misc{cheap,
  title = {{C}heap-{T}hermocam Website},
  howpublished = {\url{http://www.cheap-thermocam.net}},
}

@article{spc,
  title={Single-pixel imaging via compressive sampling},
  author={M. F. Duarte and M. A Davenport and D. Takhar and J. N. Laska and T. Sun and K. E. Kelly and R. G. Baraniuk},
  journal={IEEE Signal Processing Magazine},
  volume={25},
  number={2},
  pages={83},
  year={2008}
}