@MISC{myo,
author = {},
title = {Thalmic Myo armbands},
month = sep,
year = {2014},
howpublished={\url{https://www.thalmic.com/en/myo/}}
}
@MISC{swix,
author = {Sievert, Scott},
title = {{S}wift {M}atrix {L}ibrary},
month = jul,
year = {2014},
howpublished={\url{https://github.com/scottsievert/swix}}
}
@book{speech_recog,
  title={Fundamentals of speech recognition},
  author={Rabiner, Lawrence R and Juang, Biing-Hwang},
  volume={14},
  year={1993},
  publisher={PTR Prentice Hall Englewood Cliffs}
}
@article{multimodal,
  title={Multimodal speech processing using asynchronous hidden markov models},
  author={Bengio, Samy},
  journal={Information Fusion},
  volume={5},
  number={2},
  pages={81--89},
  year={2004},
  publisher={Elsevier}
}
@book{distinction,
    title={Introduction to machine learning},
    author={Alpaydin, Ethem},
    year={2004},
    publisher={MIT press}
}
@article{candes2008introduction,
  title={An introduction to compressive sampling},
  author={Cand{\`e}s, Emmanuel J and Wakin, Michael B},
  journal={Signal Processing Magazine, IEEE},
  volume={25},
  number={2},
  pages={21--30},
  year={2008},
  publisher={IEEE}
}
@MISC{alg,
    author = {Bartely, Andy},
    title = {Algorithms.io},
    howpublished = {\url{http://www.algorithms.io}},
}
@MISC{googlegesture,
    author = {Hallstensson, Ludwig and Svederstrom, David and Ostberg,August },
    title = {Google Gesture},
    howpublished = {\url{http://vimeo.com/98134714}},
}
@MISC{sparsity,
    author = {Wikipedia},
    title = {Sparse approximation},
    howpublished = {\url{https://en.wikipedia.org/wiki/Sparse_approximation}},
}
@MISC{pca,
    author = {Wikipedia},
    title = {Principle component analysis},
    howpublished = {\url{https://en.wikipedia.org/wiki/Principal_component_analysis}},
}
@article{opencv,
    author = {Bradski, G.},
    citeulike-article-id = {2236121},
    journal = {Dr. Dobb's Journal of Software Tools},
    keywords = {bibtex-import},
    posted-at = {2008-01-15 19:21:54},
    priority = {4},
    title = {Open{CV}},
    year = {2000}
}
@article{cauwenberghs2001incremental,
  title={Incremental and decremental support vector machine learning},
  author={Cauwenberghs, Gert and Poggio, Tomaso},
  journal={Advances in neural information processing systems},
  pages={409--415},
  year={2001},
  publisher={MIT; 1998}
}
@TechReport {heckerman_inc_bn,
author       = {David Heckerman},
institution  = {Microsoft Research},
month        = {March},
number       = {MSR-TR-95-06},
pages        = {57},
title        = {A Tutorial on Learning With Bayesian Networks},
url          = {http://research.microsoft.com/apps/pubs/default.aspx?id=69588},
year         = {1995},
}

