% machine learning and ASR
@article{speech_recog_ml,
  title={Machine learning paradigms for speech recognition: An overview},
  author={Deng, Li and Li, Xiao},
  journal={IEEE Transactions on Audio, Speech \& Language Processing},
  volume={21},
  number={5},
  pages={1060--1089},
  year={2013}
}

% variability in ASR
@article{benzeghiba2007automatic,
  title={Automatic speech recognition and speech variability: A review},
  author={Benzeghiba, Mohamed and De Mori, Renato and Deroo, Olivier and Dupont, Stephane and Erbes, Teodora and Jouvet, Denis and Fissore, Luciano and Laface, Pietro and Mertins, Alfred and Ris, Christophe and others},
  journal={Speech Communication},
  volume={49},
  number={10},
  pages={763--786},
  year={2007},
  publisher={Elsevier}
}

% ASLR and not 1-to-1
@article{ong2005automatic,
  title={Automatic sign language analysis: A survey and the future beyond lexical meaning},
  author={Ong, Sylvie CW and Ranganath, Surendra},
  journal={Pattern Analysis and Machine Intelligence, IEEE Transactions on},
  volume={27},
  number={6},
  pages={873--891},
  year={2005},
  publisher={IEEE}
}
% HMMs and speech recog
@book{huang1990hidden,
  title={Hidden Markov models for speech recognition},
  author={Huang, Xuedong D and Ariki, Yasuo and Jack, Mervyn A},
  volume={2004},
  year={1990},
  publisher={Edinburgh university press Edinburgh}
}

% event detection ASR
@inproceedings{lee2004knowledge,
  title={From knowledge-ignorant to knowledge-rich modeling: a new speech research paradigm for next generation automatic speech recognition},
  author={Lee, Chin-Hui},
  booktitle={Proc. ICSLP},
  volume={4},
  year={2004}
}

% mircosoft kinect ASLR
@inproceedings{zafrulla2011american,
  title={American sign language recognition with the kinect},
  author={Zafrulla, Zahoor and Brashear, Helene and Starner, Thad and Hamilton, Harley and Presti, Peter},
  booktitle={Proceedings of the 13th international conference on multimodal interfaces},
  pages={279--286},
  year={2011},
  organization={ACM}
}

% multimodal HMMs
@article{bengio2004multimodal,
  title={Multimodal speech processing using asynchronous hidden markov models},
  author={Bengio, Samy},
  journal={Information Fusion},
  volume={5},
  number={2},
  pages={81--89},
  year={2004},
  publisher={Elsevier}
}

